@misc{linuxmag62,
    author    = "Márcio Barbado Jr. e Tiago Tognozi",
    title     = "Criptografia: teoria e prática",
    howpublished = "http://www.linuxmagazine.com.br",
    year     = "2010",
    month    = "01",
    note     = "Edição 62",
}